<record><leader>00000cas a22000007a 4500</leader><controlfield tag="001">18022317</controlfield><controlfield tag="008">880531d18911892nyudr ne      0   a0eng d</controlfield><datafield ind1=" " ind2=" " tag="010"><subfield code="a">sn 88074446 </subfield></datafield><datafield ind1=" " ind2=" " tag="040"><subfield code="a">NYS</subfield><subfield code="b">eng</subfield><subfield code="c">NYS</subfield><subfield code="d">OCLCQ</subfield><subfield code="d">DLC</subfield><subfield code="d">HUL</subfield></datafield><datafield ind1="0" ind2=" " tag="022"><subfield code="a">2469-9497</subfield><subfield code="l">2469-9497</subfield><subfield code="2">1</subfield></datafield><datafield ind1=" " ind2=" " tag="042"><subfield code="a">msc</subfield><subfield code="a">nsdp</subfield></datafield><datafield ind1="1" ind2="0" tag="050"><subfield code="a">ISSN RECORD</subfield></datafield><datafield ind1="1" ind2="0" tag="082"><subfield code="a">071</subfield><subfield code="2">23</subfield></datafield><datafield ind1="0" ind2=" " tag="130"><subfield code="a">Rochester times (Rochester, N.Y. : 1891)</subfield></datafield><datafield ind1=" " ind2="4" tag="222"><subfield code="a">The Rochester times</subfield><subfield code="b">(Rochester, N.Y. 1891)</subfield></datafield><datafield ind1="1" ind2="4" tag="245"><subfield code="a">The Rochester times.</subfield></datafield><datafield ind1=" " ind2=" " tag="260"><subfield code="a">Rochester, N.Y. :</subfield><subfield code="b">Rochester Times Print. and Pub. Co.,</subfield><subfield code="c">1891-1892.</subfield></datafield><datafield ind1=" " ind2=" " tag="300"><subfield code="a">v.</subfield></datafield><datafield ind1=" " ind2=" " tag="310"><subfield code="a">Daily</subfield></datafield><datafield ind1="0" ind2=" " tag="362"><subfield code="a">Vol. 8, no. 152 (Nov. 3, 1891)-</subfield></datafield><datafield ind1=" " ind2="4" tag="651"><subfield code="a">Rochester (N.Y.)</subfield><subfield code="v">Newspapers.</subfield></datafield><datafield ind1=" " ind2=" " tag="752"><subfield code="a">United States</subfield><subfield code="b">New York</subfield><subfield code="c">Monroe</subfield><subfield code="d">Rochester.</subfield></datafield><datafield ind1="0" ind2="0" tag="780"><subfield code="t">Rochester evening times (Rochester, N.Y. : 1889)</subfield><subfield code="x">2469-9500</subfield><subfield code="w">(DLC)sn 88074445</subfield><subfield code="w">(OCoLC)18022259</subfield></datafield><datafield ind1="0" ind2="0" tag="785"><subfield code="t">Times (Rochester, N.Y. : 1893)</subfield><subfield code="x">2469-9470</subfield><subfield code="w">(DLC)sn 88074447</subfield><subfield code="w">(OCoLC)18022403</subfield></datafield><datafield ind1="1" ind2=" " tag="029"><subfield code="a">AU@</subfield><subfield code="b">000020522080</subfield></datafield></record>